@Article{Preedy1989BehavioralRF,
 author = {V. Preedy and Ronald R. Watson},
 booktitle = {Iowa medicine : journal of the Iowa Medical Society},
 journal = {Iowa medicine : journal of the Iowa Medical Society},
 pages = {
          436, 438
        },
 title = {Behavioral risk factor surveillance system.},
 volume = {79 9},
 year = {1989}
}


@Inproceedings{Menard1996AppliedLR,
 author = {S. Menard},
 title = {Applied Logistic Regression Analysis},
 year = {1996}
}


@Article{Peduzzi1996ASS,
 author = {P. Peduzzi and J. Concato and Elizabeth Kemper and T. Holford and A. Feinstein},
 booktitle = {Journal of Clinical Epidemiology},
 journal = {Journal of clinical epidemiology},
 pages = {
          1373-9
        },
 title = {A simulation study of the number of events per variable in logistic regression analysis.},
 volume = {49 12},
 year = {1996}
}


@Article{Chen2022CausalRB,
 author = {Xiong Chen and Xiaosi Hong and W. Gao and Shulu Luo and Jiahao Cai and Guochang Liu and Yinong Huang},
 booktitle = {Journal of Translational Medicine},
 journal = {Journal of Translational Medicine},
 title = {Causal relationship between physical activity, leisure sedentary behaviors and COVID-19 risk: a Mendelian randomization study},
 volume = {20},
 year = {2022}
}


@Article{Zahnd2019LungCS,
 author = {W. Zahnd and J. Eberth},
 booktitle = {American Journal of Preventive Medicine},
 journal = {American journal of preventive medicine},
 title = {Lung Cancer Screening Utilization: A Behavioral Risk Factor Surveillance System Analysis.},
 year = {2019}
}


@Article{Kim2019SexspecificRO,
 author = {Si Eun Kim and Jin San Lee and Sook-young Woo and Seonwoo Kim and Hee Jin Kim and Seongbeom Park and Byung In Lee and Jinse Park and Yeshin Kim and Hye-ryeon Jang and Seung-Joo Kim and S. Cho and Byungju Lee and S. Lockhart and D. Na and S. Seo},
 booktitle = {Neurology},
 journal = {Neurology},
 pages = {e1045 - e1057},
 title = {Sex-specific relationship of cardiometabolic syndrome with lower cortical thickness},
 volume = {93},
 year = {2019}
}


@Article{Bohn2015ImpactOP,
 author = {B. Bohn and A. Herbst and M. Pfeifer and D. Krakow and S. Zimny and F. Kopp and A. Melmer and J. Steinacker and R. Holl},
 booktitle = {Diabetes Care},
 journal = {Diabetes Care},
 pages = {1536 - 1543},
 title = {Impact of Physical Activity on Glycemic Control and Prevalence of Cardiovascular Risk Factors in Adults With Type 1 Diabetes: A Cross-sectional Multicenter Study of 18,028 Patients},
 volume = {38},
 year = {2015}
}


@Article{Wing2011BenefitsOM,
 author = {R. Wing and W. Lang and T. Wadden and M. Safford and W. Knowler and A. Bertoni and James O Hill and F. Brancati and A. Peters and L. Wagenknecht},
 booktitle = {Diabetes Care},
 journal = {Diabetes Care},
 pages = {1481 - 1486},
 title = {Benefits of Modest Weight Loss in Improving Cardiovascular Risk Factors in Overweight and Obese Individuals With Type 2 Diabetes},
 volume = {34},
 year = {2011}
}


@Article{Richard2017LonelinessIA,
 author = {A. Richard and S. Rohrmann and C. Vandeleur and M. Schmid and J. Barth and M. Eichholzer},
 booktitle = {PLoS ONE},
 journal = {PLoS ONE},
 title = {Loneliness is adversely associated with physical and mental health and lifestyle factors: Results from a Swiss national survey},
 volume = {12},
 year = {2017}
}


@Article{Singh2013TheAQ,
 author = {Gitanjali M Singh and G. Danaei and F. Farzadfar and Gretchen A. Stevens and M. Woodward and D. Wormser and S. Kaptoge and G. Whitlock and Q. Qiao and S. Lewington and E. Di Angelantonio and S. Vander Hoorn and C. Lawes and Mohammed K. Ali and D. Mozaffarian and M. Ezzati},
 booktitle = {PLoS ONE},
 journal = {PLoS ONE},
 title = {The Age-Specific Quantitative Effects of Metabolic Risk Factors on Cardiovascular Diseases and Diabetes: A Pooled Analysis},
 volume = {8},
 year = {2013}
}


@Article{Park2014GenderDI,
 author = {Kwang-Ok Park and Ji-Yeong Seo},
 journal = {Journal of Korean Academy of Community Health Nursing},
 pages = {248-258},
 title = {Gender Differences in Factors Influencing The Framingham Risk Score-Coronary Heart Disease by BMI},
 volume = {25},
 year = {2014}
}


@Article{Mao2022PhysicalAR,
 author = {W. Mao and Lei Zhang and Si Sun and Jianping Wu and X. Zou and Guangyuan Zhang and Ming Chen},
 booktitle = {Frontiers in Public Health},
 journal = {Frontiers in Public Health},
 title = {Physical Activity Reduces the Effect of High Body Mass Index on Kidney Stones in Diabetes Participants From the 20072018 NHANES Cycles: A Cross-Sectional Study},
 volume = {10},
 year = {2022}
}


@Article{Kriska1990DevelopmentOQ,
 author = {A. Kriska and W. Knowler and R. LaPorte and A. Drash and R. Wing and S. Blair and P. Bennett and L. Kuller},
 booktitle = {Diabetes Care},
 journal = {Diabetes Care},
 pages = {401 - 411},
 title = {Development of Questionnaire to Examine Relationship of Physical Activity and Diabetes in Pima Indians},
 volume = {13},
 year = {1990}
}


@Article{Wahid2016QuantifyingTA,
 author = {A. Wahid and Nishma Manek and Melanie Nichols and Paul Kelly and Charlie Foster and Premila Webster and A. Kaur and Claire Friedemann Smith and Elizabeth Wilkins and Mike Rayner and Nia Roberts and P. Scarborough},
 booktitle = {Journal of the American Heart Association : Cardiovascular and Cerebrovascular Disease},
 journal = {Journal of the American Heart Association: Cardiovascular and Cerebrovascular Disease},
 title = {Quantifying the Association Between Physical Activity and Cardiovascular Disease and Diabetes: A Systematic Review and MetaAnalysis},
 volume = {5},
 year = {2016}
}


@Article{Astrup2001HealthyLI,
 author = {A. Astrup},
 booktitle = {Public Health Nutrition},
 journal = {Public Health Nutrition},
 pages = {499 - 515},
 title = {Healthy lifestyles in Europe: prevention of obesity and type II diabetes by diet and physical activity},
 volume = {4},
 year = {2001}
}


@Article{Chan1994ObesityFD,
 author = {J. Chan and E. Rimm and G. Colditz and M. Stampfer and W. Willett},
 booktitle = {Diabetes Care},
 journal = {Diabetes Care},
 pages = {961 - 969},
 title = {Obesity, Fat Distribution, and Weight Gain as Risk Factors for Clinical Diabetes in Men},
 volume = {17},
 year = {1994}
}
